% Encoding: UTF-8

@WWW{sel,
  date  = {2021-04-01},
  title = {Selenium Documentation},
  url   = {https://www.selenium.dev/documentation/en/},
}

@WWW{,
  title = {Selenium Grid Tutorial},
  url   = {https://www.browserstack.com/guide/selenium-grid-tutorial},
}

@WWW{,
  title = {Selenium tutorial},
  url   = {https://www.javatpoint.com/selenium-tutorial},
}

@WWW{,
  title = {Selenium WebDriver Tutorial},
  url   = {https://www.browserstack.com/guide/selenium-webdriver-tutorial},
}

@WWW{,
  title = {What is Selenium IDE?},
  url   = {https://www.browserstack.com/guide/what-is-selenium-ide},
}

@WWW{,
  title = {Testing Java with Visual Studio Code},
  url   = {https://code.visualstudio.com/docs/java/java-testing},
}

@Comment{jabref-meta: databaseType:biblatex;}

@Comment{jabref-meta: keypatterndefault:[auth3][shortyear];}
